%% This BibTeX bibliography file was created using BibDesk.
%% http://bibdesk.sourceforge.net/


%% Created for Mario SÃ¡nchez at 2011-01-31 20:36:11 -0500 


%% Saved with string encoding Unicode (UTF-8) 



@misc{Focas,
	Author = {Gabriel Pedraza and Jacky Estublier},
	Date-Added = {2011-01-31 20:32:43 -0500},
	Date-Modified = {2011-01-31 20:36:11 -0500},
	Howpublished = {{International Workshop on Non-functional System Properties in Domain Specific Modeling Languages}},
	Month = {September},
	Title = {{An Extensible Services Orchestration Framework through Concern Composition}},
	Year = {2008}}

@article{APEL,
	Acmid = {592002},
	Address = {Hingham, MA, USA},
	Author = {Dami, Samir and Estublier, Jacky and Amiour, Mahfound},
	Date-Added = {2011-01-31 11:26:07 -0500},
	Date-Modified = {2011-01-31 19:44:58 -0500},
	Issn = {0928-8910},
	Issue = {1},
	Journal = {Automated Software Engineering},
	Month = {January},
	Numpages = {36},
	Pages = {61--96},
	Publisher = {Kluwer Academic Publishers},
	Title = {{APEL: A Graphical Yet Executable Formalism for Process Modeling}},
	Volume = {5},
	Year = {1998}}

@inproceedings{Estublier2005,
	Author = {Estublier, Jacky and Ionita, Anca Daniela and Vega, Germ{\'a}n},
	Booktitle = {{Proceedings of MoDELS 2005}},
	Date-Added = {2011-01-28 01:59:05 -0500},
	Date-Modified = {2011-01-28 01:59:51 -0500},
	Isbn = {3-540-29010-9},
	Month = {October},
	Pages = {69-83},
	Publisher = {Springer},
	Series = {{Lecture Notes in Computer Science}},
	Title = {{Composing Domain-Specific Languages for Wide-scope Software Engineering Applications}},
	Year = {2005}}

@article{Coordination,
	Author = {George A. Papadopoulos and Farhad Arbab},
	Date-Added = {2011-01-28 00:28:25 -0500},
	Date-Modified = {2011-01-28 00:29:50 -0500},
	Editor = {Marvin V. Zelkowitz},
	Journal = {Advances in Computers},
	Pages = {329 - 400},
	Publisher = {Elsevier Science Publishers B. V.},
	Title = {{Coordination Models and Languages}},
	Url = {http://www.sciencedirect.com/science/article/B7RNF-4S814YB-C/2/f53aa991c036644067ecb62906381ba4},
	Volume = {46},
	Year = {1998}}

@book{MOP,
	Address = {Cambridge, MA, USA},
	Author = {Kiczales, Gregor and des~Rivieres, Jim and Bobrow, Daniel G.},
	Date-Added = {2011-01-27 23:34:42 -0500},
	Date-Modified = {2011-01-27 23:36:09 -0500},
	Isbn = {0262111586},
	Publisher = {{MIT Press}},
	Title = {{The Art of the Metaobject Protocol}},
	Year = {1991}}

@techreport{MBT1,
	Address = {Hamilton, New Zealand},
	Author = {Mark Utting and Alexander Pretschner and Bruno Legeard},
	Date-Added = {2010-11-14 18:42:34 -0500},
	Date-Modified = {2010-11-14 18:45:29 -0500},
	Institution = {University of Waikato, Department of Computer Science},
	Month = {April},
	Number = {04/2006},
	Title = {{A Taxonomy of Model-Based Testing}},
	Year = {2006}}

@phdthesis{pautasso,
	Address = {Zurich, Switzerland},
	Author = {Cesare Pautasso},
	Date-Added = {2010-11-11 20:37:28 -0500},
	Date-Modified = {2010-11-11 20:38:37 -0500},
	School = {Swiss Federal Institute of Technology Zurich},
	Title = {{A Flexible System for Visual Service Composition}},
	Year = {2004}}

@mastersthesis{lewfe,
	Address = {Brussel},
	Author = {Javier Igua P{\'e}rez},
	Date-Added = {2010-11-11 20:10:03 -0500},
	Date-Modified = {2010-11-11 20:10:48 -0500},
	Month = {August},
	School = {Vrije Universiteit Brussel},
	Title = {{Properties of Building an Extensible Workflow Engine: An exploration in open systems}},
	Year = {2009}}

@unpublished{M2CL,
	Author = {Carlos Rodr{\'\i}guez and Mario S\'{a}nchez and Jorge Villalobos},
	Date-Added = {2010-11-03 01:38:47 -0500},
	Date-Modified = {2010-11-14 02:22:45 -0500},
	Month = {March},
	Note = {{To be published in the proceedings of SAC'11: The 2011 ACM Symposium on Applied Computing}},
	Title = {{Executable model composition - A multilevel approach}},
	Year = {2011}}